@book{Aho:72,
    author  = {Alfred V. Aho and Jeffrey D. Ullman},
    title   = {The Theory of Parsing, Translation and Compiling},
    year    = "1972",
    volume  = "1",
    publisher = {Prentice-Hall},
    address = {Englewood Cliffs, NJ}
}

@book{APA:83,
    author  = {{American Psychological Association}},
    title   = {Publications Manual},
    year    = "1983",
   publisher = {American Psychological Association},
   address = {Washington, DC}
}

@article{Chandra:81,
	author = {Ashok K. Chandra and Dexter C. Kozen and Larry J. Stockmeyer},
	year = "1981",
	title = {Alternation},
	journal = {Journal of the Association for Computing Machinery},
	volume = "28",
	number = "1",
	pages = "114--133",
	doi = "10.1145/322234.322243",
}

@inproceedings{andrew2007scalable,
  title={Scalable training of {L1}-regularized log-linear models},
  author={Andrew, Galen and Gao, Jianfeng},
  booktitle={Proceedings of the 24th International Conference on Machine Learning},
  pages={33--40},
  year={2007},
}

@book{Gusfield:97,
    author  = {Dan Gusfield},
    title   = {Algorithms on Strings, Trees and Sequences},
    year    = "1997",
    publisher = {Cambridge University Press},
    address = {Cambridge, UK}
}

@article{rasooli-tetrault-2015,
    author    = {Mohammad Sadegh Rasooli and Joel R. Tetreault},
    title     = {Yara Parser: {A} Fast and Accurate Dependency Parser},
    journal   = {Computing Research Repository},
    volume    = {arXiv:1503.06733},
    year      = {2015},
    url       = {http://arxiv.org/abs/1503.06733},
    note    = {version 2}
}

@article{Ando2005,
	Acmid = {1194905},
	Author = {Ando, Rie Kubota and Zhang, Tong},
	Issn = {1532-4435},
	Issue_Date = {12/1/2005},
	Journal = {Journal of Machine Learning Research},
	Month = dec,
	Numpages = {37},
	Pages = {1817--1853},
	Publisher = {JMLR.org},
	Title = {A Framework for Learning Predictive Structures from Multiple Tasks and Unlabeled Data},
	Volume = {6},
	Year = {2005}}
	
@article{kipper2008large,
  title={A large-scale classification of English verbs},
  author={Kipper, Karin and Korhonen, Anna and Ryant, Neville and Palmer, Martha},
  journal={Language Resources and Evaluation},
  volume={42},
  number={1},
  pages={21--40},
  year={2008},
  publisher={Springer}
}

@article{white2019universal,
  title={The universal decompositional semantics dataset and decomp toolkit},
  author={White, Aaron Steven and Stengel-Eskin, Elias and Vashishtha, Siddharth and Govindarajan, Venkata and Reisinger, Dee Ann and Vieira, Tim and Sakaguchi, Keisuke and Zhang, Sheng and Ferraro, Francis and Rudinger, Rachel and others},
  journal={arXiv preprint arXiv:1909.13851},
  year={2019}
}

@article{bies2012english,
  title={English web treebank},
  author={Bies, Ann and Mott, Justin and Warner, Colin and Kulick, Seth},
  journal={Linguistic Data Consortium, Philadelphia, PA},
  year={2012}
}

@article{goldfarb2019plan,
  title={Plan, write, and revise: an interactive system for open-domain story generation},
  author={Goldfarb-Tarrant, Seraphina and Feng, Haining and Peng, Nanyun},
  journal={arXiv preprint arXiv:1904.02357},
  year={2019}
}

@article{rashkin2020plotmachines,
  title={Plotmachines: Outline-conditioned generation with dynamic plot state tracking},
  author={Rashkin, Hannah and Celikyilmaz, Asli and Choi, Yejin and Gao, Jianfeng},
  journal={arXiv preprint arXiv:2004.14967},
  year={2020}
}

@article{fan2019strategies,
  title={Strategies for structuring story generation},
  author={Fan, Angela and Lewis, Mike and Dauphin, Yann},
  journal={arXiv preprint arXiv:1902.01109},
  year={2019}
}

@inproceedings{yao2019plan,
  title={Plan-and-write: Towards better automatic storytelling},
  author={Yao, Lili and Peng, Nanyun and Weischedel, Ralph and Knight, Kevin and Zhao, Dongyan and Yan, Rui},
  booktitle={Proceedings of the AAAI Conference on Artificial Intelligence},
  volume={33},
  number={01},
  pages={7378--7385},
  year={2019}
}

@article{rose2010automatic,
  title={Automatic keyword extraction from individual documents},
  author={Rose, Stuart and Engel, Dave and Cramer, Nick and Cowley, Wendy},
  journal={Text mining: applications and theory},
  volume={1},
  pages={1--20},
  year={2010},
  publisher={Citeseer}
}

@article{ou2021infillmore,
  title={InFillmore: Neural Frame Lexicalization for Narrative Text Infilling},
  author={Ou, Jiefu and Weir, Nathaniel and Belyy, Anton and Yu, Felix and Van Durme, Benjamin},
  journal={arXiv preprint arXiv:2103.04941},
  year={2021}
}

@article{chen2019learning,
  title={Learning to predict explainable plots for neural story generation},
  author={Chen, Gang and Liu, Yang and Luan, Huanbo and Zhang, Meng and Liu, Qun and Sun, Maosong},
  journal={arXiv preprint arXiv:1912.02395},
  year={2019}
}

@article{liu2018automatic,
  title={Automatic event salience identification},
  author={Liu, Zhengzhong and Xiong, Chenyan and Mitamura, Teruko and Hovy, Eduard},
  journal={arXiv preprint arXiv:1809.00647},
  year={2018}
}